<record><leader>00000cas a22000007a 4500</leader><controlfield tag="001">9291960</controlfield><controlfield tag="008">830308d1uuu1906iauwr ne      0   a0eng d</controlfield><datafield ind1=" " ind2=" " tag="010"><subfield code="a">sn 83025158 </subfield></datafield><datafield ind1=" " ind2=" " tag="040"><subfield code="a">NPV</subfield><subfield code="b">eng</subfield><subfield code="c">NPV</subfield><subfield code="d">OCLCQ</subfield></datafield><datafield ind1=" " ind2=" " tag="042"><subfield code="a">msc</subfield></datafield><datafield ind1=" " ind2=" " tag="043"><subfield code="a">n-us-ia</subfield></datafield><datafield ind1=" " ind2=" " tag="045"><subfield code="a">w-x0</subfield></datafield><datafield ind1=" " ind2=" " tag="052"><subfield code="a">4152</subfield><subfield code="b">M7</subfield></datafield><datafield ind1="0" ind2="4" tag="245"><subfield code="a">The Southern Iowa educator.</subfield></datafield><datafield ind1=" " ind2=" " tag="260"><subfield code="a">Albia, Iowa :</subfield><subfield code="b">J.R. Norman</subfield></datafield><datafield ind1=" " ind2=" " tag="300"><subfield code="a">v. :</subfield><subfield code="b">ill.</subfield></datafield><datafield ind1="1" ind2=" " tag="362"><subfield code="a">Ceased in 1906?</subfield><subfield code="z">Cf. Bibliography of Iowa newspapers, 1836-1976.</subfield></datafield><datafield ind1=" " ind2=" " tag="530"><subfield code="a">Available on microfilm from The State Historical Society of Wisconsin.</subfield></datafield><datafield ind1=" " ind2=" " tag="550"><subfield code="a">"Official organ, Iowa People's Party, the producers' friend."</subfield></datafield><datafield ind1=" " ind2=" " tag="588"><subfield code="a">Description based on: Vol. 9, no. 7 (Sept. 30, 1903).</subfield></datafield><datafield ind1="2" ind2=" " tag="710"><subfield code="a">Iowa Peoples' Party.</subfield></datafield><datafield ind1=" " ind2=" " tag="752"><subfield code="a">United States</subfield><subfield code="b">Iowa</subfield><subfield code="c">Monroe</subfield><subfield code="d">Albia.</subfield></datafield></record>